<record><leader>00000cas a22000007a 4500</leader><controlfield tag="001">22502679</controlfield><controlfield tag="008">901012d19uu19uumnumr ne      0    0eng d</controlfield><datafield ind1=" " ind2=" " tag="010"><subfield code="a">sn 90059547 </subfield></datafield><datafield ind1=" " ind2=" " tag="040"><subfield code="a">MN#</subfield><subfield code="b">eng</subfield><subfield code="c">MN#</subfield><subfield code="d">OCLCQ</subfield><subfield code="d">OCLCO</subfield></datafield><datafield ind1=" " ind2=" " tag="042"><subfield code="a">msc</subfield></datafield><datafield ind1=" " ind2=" " tag="043"><subfield code="a">n-us-mn</subfield></datafield><datafield ind1=" " ind2=" " tag="052"><subfield code="a">4144</subfield><subfield code="b">E3</subfield></datafield><datafield ind1=" " ind2=" " tag="052"><subfield code="a">4143</subfield><subfield code="b">H4</subfield></datafield><datafield ind1="0" ind2="0" tag="245"><subfield code="a">Edina-Morningside blue and gold.</subfield></datafield><datafield ind1=" " ind2=" " tag="260"><subfield code="a">[Edina, Minn.] :</subfield><subfield code="b">Students of Independent School District No. 17</subfield></datafield><datafield ind1=" " ind2=" " tag="300"><subfield code="a">v.</subfield></datafield><datafield ind1=" " ind2=" " tag="310"><subfield code="a">Monthly</subfield></datafield><datafield ind1=" " ind2=" " tag="588"><subfield code="a">Description based on: Vol. 10, no. 2 (Nov. 25, 1947).</subfield></datafield><datafield ind1="1" ind2="0" tag="610"><subfield code="a">Hennepin County (Minn.).</subfield><subfield code="b">Independent School District No. 17 (Edina, Minn.)</subfield><subfield code="v">Periodicals.</subfield></datafield><datafield ind1=" " ind2="0" tag="650"><subfield code="a">Schools</subfield><subfield code="z">Minnesota</subfield><subfield code="z">Edina</subfield><subfield code="v">Periodicals.</subfield></datafield><datafield ind1=" " ind2="0" tag="650"><subfield code="a">Schools</subfield><subfield code="z">Minnesota</subfield><subfield code="z">Morningside</subfield><subfield code="v">Periodicals.</subfield></datafield><datafield ind1=" " ind2="0" tag="650"><subfield code="a">Junior high schools</subfield><subfield code="z">Minnesota</subfield><subfield code="z">Edina</subfield><subfield code="v">Periodicals.</subfield></datafield><datafield ind1=" " ind2="0" tag="650"><subfield code="a">Junior high schools</subfield><subfield code="z">Minnesota</subfield><subfield code="z">Morningside</subfield><subfield code="v">Periodicals.</subfield></datafield><datafield ind1=" " ind2="0" tag="650"><subfield code="a">Elementary schools</subfield><subfield code="z">Minnesota</subfield><subfield code="z">Edina</subfield><subfield code="v">Periodicals.</subfield></datafield><datafield ind1=" " ind2="0" tag="650"><subfield code="a">Elementary schools</subfield><subfield code="z">Minnesota</subfield><subfield code="z">Morningside</subfield><subfield code="v">Periodicals.</subfield></datafield><datafield ind1="1" ind2=" " tag="710"><subfield code="a">Hennepin County (Minn.).</subfield><subfield code="b">Independent School District No. 17 (Edina, Minn.)</subfield></datafield></record>